%% This BibTeX bibliography file was created using BibDesk.
%% http://bibdesk.sourceforge.net/

%% Created for Tushar JAIN at 2019-09-09 18:42:05 +0530 


%% Saved with string encoding Unicode (UTF-8) 


@comment{jabref-meta: databaseType:bibtex;}



@article{b1,
	Author = {Eason, G. and Noble, B. and Sneddon, I. N.},
	Date-Added = {2019-09-09 12:39:02 +0530},
	Date-Modified = {2019-09-09 12:40:52 +0530},
	Journal = {Phil. Trans. Roy. Soc. London},
	Pages = {529-551},
	Title = {On certain integrals of Lipschitz-Hankel type involving products of Bessel functions},
	Volume = {A247},
	Year = {1955}}

@inproceedings{yame2015online,
	Author = {Yame, Joseph J and Jain, Tushar and Sauter, Dominique},
	Booktitle = {2015 IEEE Conference on Control Applications (CCA)},
	Date-Added = {2019-09-09 10:49:05 +0530},
	Date-Modified = {2019-09-09 10:49:05 +0530},
	Organization = {IEEE},
	Pages = {1901--1906},
	Title = {An online controller redesign based fault-tolerant strategy for thermal comfort in a multi-zone building},
	Year = {2015}}

@book{ferber1999multi,
	Author = {Ferber, Jacques and Weiss, Gerhard},
	Publisher = {Addison-Wesley Reading},
	Title = {Multi-agent systems: an introduction to distributed artificial intelligence},
	Volume = {1},
	Year = {1999}}

@article{stone2000multiagent,
	Author = {Stone, Peter and Veloso, Manuela},
	Journal = {Autonomous Robots},
	Number = {3},
	Pages = {345--383},
	Publisher = {Springer},
	Title = {Multiagent systems: A survey from a machine learning perspective},
	Volume = {8},
	Year = {2000}}

@book{b2,
	Author = {Maxwell, J. C.},
	Publisher = {Oxford: Clarendon},
	Title = {A Treatise on Electricity and Magnetism},
	Year = {1892}}

@inbook{b3,
	Author = {Jacobs, I. S. and Bean, C. P.},
	Chapter = {Fine particles, thin films and exchange anisotropy},
	Editor = {Rado, G. T. and Suhl, H.},
	Pages = {271--350},
	Publisher = {New York: Academic},
	Title = {Magnetism},
	Volume = {III},
	Year = {1963}}

@unpublished{b4,
	Author = {Elissa,K.},
	Date-Modified = {2019-09-09 18:41:16 +0530},
	Title = {Title of paper if known}}

@article{b5,
	Author = {Nicole, R.},
	Journal = {Name Stand. Abbrev.},
	Publisher = {J. Name Stand},
	Title = {Title of paper with only first word capitalized},
	Year = {1987}}

@article{b6,
	Author = {Yorozu, T and Hirano, M and Oka, K and Tagawa, Y},
	Date-Modified = {2019-09-09 18:42:03 +0530},
	Journal = {IEEE translation journal on magnetics in Japan},
	Title = {Electron spectroscopy studies on magneto-optical media and plastic substrate interface},
	Volume = {vol. 2},
	Year = {1982}}

@book{b7,
	Author = {Young, M.},
	Publisher = {Mill Valley},
	Title = {The Technical Writer's Handbook.},
	Year = {1989}}
